@inproceedings{Brajnik2008,
    title = {{A comparative test of web accessibility evaluation methods}},
    year = {2008},
    booktitle = {Proceedings of the 10th international ACM SIGACCESS conference on Computers and accessibility - Assets '08},
    author = {Brajnik, Giorgio},
    pages = {113},
    publisher = {ACM Press},
    url = {http://portal.acm.org/citation.cfm?doid=1414471.1414494},
    address = {New York, New York, USA},
    isbn = {9781595939760},
    doi = {10.1145/1414471.1414494}
}

@inproceedings{abd2022model,
  title={Model checking reconfigurable interacting systems},
  author={Abd Alrahman, Yehia and Azzopardi, Shaun and Piterman, Nir},
  booktitle={International Symposium on Leveraging Applications of Formal Methods},
  pages={373--389},
  year={2022},
  organization={Springer}
}

@article{vittikh1970multi,
  title={Multi-agent systems for modelling of self-organization and cooperation processes},
  author={Vittikh, VA and Skobelev, PO},
  journal={WIT Transactions on Information and Communication Technologies},
  volume={20},
  year={1970},
  publisher={WIT Press}
}

@book{ferber1999multi,
  title={Multi-agent systems: an introduction to distributed artificial intelligence},
  author={Ferber, Jacques and Weiss, Gerhard},
  volume={1},
  year={1999},
  publisher={Addison-wesley Reading}
}

@article{beeson1986proving,
  title={Proving programs and programming proofs},
  author={Beeson, Michael J},
  booktitle={Studies in Logic and the Foundations of Mathematics},
  volume={114},
  pages={51--82},
  year={1986},
  publisher={Elsevier}
}

@article{van2008multi,
  title={Multi-agent systems},
  author={Van der Hoek, Wiebe and Wooldridge, Michael},
  journal={Foundations of Artificial Intelligence},
  volume={3},
  pages={887--928},
  year={2008},
  publisher={Elsevier}
}

@article{xie2017multi,
  title={Multi-agent systems and their applications},
  author={Xie, Jing and Liu, Chen-Ching},
  journal={Journal of International Council on Electrical Engineering},
  volume={7},
  number={1},
  pages={188--197},
  year={2017},
  publisher={Taylor \& Francis}
}

@misc{SelfdSE,
  title = {{Transport Styrelsen} Automated vehicles},
  url = {https://www.transportstyrelsen.se/en/road/Vehicles/self-driving-vehicles/#:~:text=The%20Swedish%20Transport%20Agency%20issues,in%20a%20traffic%2Dsafe%20manner},
  note = {Accessed: 2024-04-03}
}

@article{ferscha2015collective,
  title={Collective adaptive systems},
  author={Ferscha, Alois},
  booktitle={Adjunct Proceedings of the 2015 ACM International Joint Conference on Pervasive and Ubiquitous Computing and Proceedings of the 2015 ACM International Symposium on Wearable Computers},
  pages={893--895},
  year={2015}
}

@inproceedings{busetta2002channeled,
  title={Channeled multicast for group communications},
  author={Busetta, Paolo and Dona, Antonia and Nori, Michele},
  booktitle={Proceedings of the first international joint conference on Autonomous agents and multiagent systems: part 3},
  pages={1280--1287},
  year={2002}
}

@book{milner1980calculus,
  title={A calculus of communicating systems},
  author={Milner, Robin},
  year={1980},
  publisher={Springer}
}

@book{milner1993polyadic,
  title={The polyadic $\pi$-calculus: a tutorial},
  author={Milner, Robin},
  year={1993},
  publisher={Springer}
}

@article{abd2021modelling,
  title={Modelling and verification of reconfigurable multi-agent systems},
  author={Abd Alrahman, Yehia and Piterman, Nir},
  journal={Autonomous Agents and Multi-Agent Systems},
  volume={35},
  number={2},
  pages={47},
  year={2021},
  publisher={Springer}
}

@article{alrahman2023language,
  title={Language support for verifying reconfigurable interacting systems},
  author={Alrahman, Yehia Abd and Azzopardi, Shaun and Di Stefano, Luca and Piterman, Nir},
  journal={International Journal on Software Tools for Technology Transfer},
  pages={1--20},
  year={2023},
  publisher={Springer}
}

@article{tran2013eiseval,
  title={EISEval, a generic reconfigurable environment for evaluating agent-based interactive systems},
  author={Tran, Chi Dung and Ezzedine, Houcine and Kolski, Christophe},
  journal={International Journal of Human-Computer Studies},
  volume={71},
  number={6},
  pages={725--761},
  year={2013},
  publisher={Elsevier}
}


@article{bay1999fundamentals,
  title={Fundamentals of linear state space systems},
  author={Bay, John},
  year={1999}
}

@article{yin2021convergence,
  title={Convergence of velocities for the short range communicated discrete-time Cucker--Smale model},
  author={Yin, Xiuxia and Gao, Zhiwei and Yue, Dong and Fu, Yichuan},
  journal={Automatica},
  volume={129},
  pages={109659},
  year={2021},
  publisher={Elsevier}
}

@inproceedings{kosar2004stork,
  title={Stork: Making data placement a first class citizen in the grid},
  author={Kosar, Tevfik and Livny, Miron},
  booktitle={24th International Conference on Distributed Computing Systems, 2004. Proceedings.},
  pages={342--349},
  year={2004},
  organization={IEEE}
}

@article{bandini2004multi,
  title={Multi-agent approach to localization problems: The case of multilayered multi-agent situated system},
  author={Bandini, Stefania and Manzoni, Sara and Vizzari, Giuseppe},
  journal={Web Intelligence and Agent Systems: An International Journal},
  volume={2},
  number={3},
  pages={155--166},
  year={2004},
  publisher={IOS Press}
}

@article{koomen1991calculus,
  title={Calculus of communicating systems},
  author={Koomen, CJ and Koomen, CJ},
  journal={The Design of Communicating Systems: A System Engineering Approach},
  pages={11--26},
  year={1991},
  publisher={Springer}
}

@article{randell1992spatial,
  title={A spatial logic based on regions and connection.},
  author={Randell, David A and Cui, Zhan and Cohn, Anthony G},
  journal={KR},
  volume={92},
  pages={165--176},
  year={1992}
}